@book{Hoffstein2008,
  added-at  = {2009-12-14T10:58:50.000+0100},
  address   = {New York, NJ, USA},
  author    = {Hoffstein, J. and Pipher, J. and Silverman, J.H.},
  biburl    = {https://www.bibsonomy.org/bibtex/24ccf687a0ff820ba7d7f8354dc6d6452/danfunky},
  doi       = {10.1007/978-0-387-77993-5},
  interhash = {1fbae82b016c47fb668d6c2e267fe695},
  intrahash = {4ccf687a0ff820ba7d7f8354dc6d6452},
  keywords  = {imported},
  owner     = {D047718},
  publisher = {Springer},
  series    = {Undergraduate Texts in Mathematics},
  timestamp = {2009-12-14T10:58:53.000+0100},
  title     = {An Introduction to Mathematical Cryptography},
  url       = {http://books.google.com/books?id=62PYj63QalkC},
  year      = 2008
}
@misc{Vogt,
  author    = {Isabel Vogt},
  title     = {Lecture Notes, MATH1560 Number Theory},
  month     = {October},
  year      = {2023},
  publisher = {Brown University}
}

@misc{Python,
  author       = {Python},
  title        = {Python Home Page},
  howpublished = {\url{https://www.python.org/}},
  note         = {Accessed: May 2024}
}

@misc{Homebrew,
  author       = {Homebrew},
  title        = {Sage Homebrew Package},
  howpublished = {\url{https://formulae.brew.sh/cask/sage}},
  note         = {Accessed: May 2024}
}